@misc{trosset2020rehabilitating,
      title={Rehabilitating Isomap: Euclidean Representation of Geodesic Structure}, 
      author={Michael W. Trosset and Gokcen Buyukbas},
      year={2020},
      eprint={2006.10858},
      archivePrefix={arXiv},
      primaryClass={stat.ML}
}