
@Manual{RCoreTeam,
  title = {R: A Language and Environment for Statistical Computing},
  author = {{R Core Team}},
  organization = {R Foundation for Statistical Computing},
  address = {Vienna, Austria},
  year = {2018},
  url = {https://www.R-project.org/},
}

@Manual{dissertateUSU,
  title = {dissertateUSU: DissertateUSU},
  author = {Tyson S. Barrett and Sarah Schwartz},
  year = {2019},
  note = {R package version 0.1.3},
}
